<record><leader>00000cas a2200000 a 4500</leader><controlfield tag="001">38041261</controlfield><controlfield tag="008">971204c19089999oruwr ne      0    0eng c</controlfield><datafield ind1=" " ind2=" " tag="010"><subfield code="a">sn 97071024 </subfield></datafield><datafield ind1=" " ind2=" " tag="040"><subfield code="a">OCN</subfield><subfield code="b">eng</subfield><subfield code="c">OCN</subfield><subfield code="d">OCLCQ</subfield><subfield code="d">OCLCF</subfield><subfield code="d">OCLCO</subfield></datafield><datafield ind1="1" ind2=" " tag="029"><subfield code="a">AU@</subfield><subfield code="b">000013651933</subfield></datafield><datafield ind1=" " ind2=" " tag="042"><subfield code="a">pcc</subfield></datafield><datafield ind1=" " ind2=" " tag="043"><subfield code="a">n-us-or</subfield></datafield><datafield ind1="0" ind2=" " tag="130"><subfield code="a">Lebanon express (Lebanon, Or.)</subfield></datafield><datafield ind1="1" ind2="4" tag="245"><subfield code="a">The Lebanon express.</subfield></datafield><datafield ind1=" " ind2=" " tag="260"><subfield code="a">Lebanon, Or. :</subfield><subfield code="b">Alexander &amp; Kirkpatrick,</subfield><subfield code="c">1908-</subfield></datafield><datafield ind1=" " ind2=" " tag="300"><subfield code="a">v.</subfield></datafield><datafield ind1=" " ind2=" " tag="310"><subfield code="a">Weekly,</subfield><subfield code="b">Mar. 13, 1985-</subfield></datafield><datafield ind1=" " ind2=" " tag="321"><subfield code="a">Semiweekly,</subfield><subfield code="b">July 24, 1908-Dec. 22, 1916</subfield></datafield><datafield ind1=" " ind2=" " tag="321"><subfield code="a">Weekly,</subfield><subfield code="b">Dec. 29, 1916-Feb. 11, 1937</subfield></datafield><datafield ind1=" " ind2=" " tag="321"><subfield code="a">Semiweekly,</subfield><subfield code="b">Feb. 16, 1937-June 3, 1937</subfield></datafield><datafield ind1=" " ind2=" " tag="321"><subfield code="a">Weekly,</subfield><subfield code="b">June 10, 1937-Oct. 28, 1948</subfield></datafield><datafield ind1=" " ind2=" " tag="321"><subfield code="a">Semiweekly,</subfield><subfield code="b">Nov. 2, 1948-Sept 26, 1963</subfield></datafield><datafield ind1=" " ind2=" " tag="321"><subfield code="a">Weekly,</subfield><subfield code="b">Oct. 3, 1963-Feb. 27, 1964</subfield></datafield><datafield ind1=" " ind2=" " tag="321"><subfield code="a">Triweekly,</subfield><subfield code="b">Mar. 2, 1964-July 31, 1970</subfield></datafield><datafield ind1=" " ind2=" " tag="321"><subfield code="a">Semiweekly,</subfield><subfield code="b">Aug. 3, 1970-Mar. 7, 1985</subfield></datafield><datafield ind1="0" ind2=" " tag="362"><subfield code="a">Vol. 21, no. 38 (July 24, 1908)-</subfield></datafield><datafield ind1=" " ind2=" " tag="500"><subfield code="a">1927-1936 includes newspapers published during school terms by Lebanon High School students.</subfield></datafield><datafield ind1=" " ind2=" " tag="530"><subfield code="a">Also issued on microfilm from University of Oregon.</subfield></datafield><datafield ind1=" " ind2=" " tag="588"><subfield code="a">Latest issue consulted: 110th year, no. 43 (Oct. 22, 1997).</subfield></datafield><datafield ind1=" " ind2="0" tag="651"><subfield code="a">Lebanon (Or.)</subfield><subfield code="v">Newspapers.</subfield></datafield><datafield ind1=" " ind2="0" tag="651"><subfield code="a">Linn County (Or.)</subfield><subfield code="v">Newspapers.</subfield></datafield><datafield ind1=" " ind2="7" tag="655"><subfield code="a">Newspapers.</subfield><subfield code="2">fast</subfield><subfield code="0">(OCoLC)fst01423814</subfield></datafield><datafield ind1=" " ind2="7" tag="651"><subfield code="a">Oregon</subfield><subfield code="z">Lebanon.</subfield><subfield code="2">fast</subfield><subfield code="0">(OCoLC)fst01207978</subfield></datafield><datafield ind1=" " ind2="7" tag="651"><subfield code="a">Oregon</subfield><subfield code="z">Linn County.</subfield><subfield code="2">fast</subfield><subfield code="0">(OCoLC)fst01230371</subfield></datafield><datafield ind1="0" ind2="2" tag="740"><subfield code="a">Hi life.</subfield></datafield><datafield ind1="0" ind2="2" tag="740"><subfield code="a">Lebanon High crier.</subfield></datafield><datafield ind1="0" ind2="2" tag="740"><subfield code="a">Lebanon High School echo.</subfield></datafield><datafield ind1="0" ind2="2" tag="740"><subfield code="a">Lebanon High times.</subfield></datafield><datafield ind1=" " ind2=" " tag="752"><subfield code="a">United States</subfield><subfield code="b">Oregon</subfield><subfield code="c">Linn</subfield><subfield code="d">Lebanon.</subfield></datafield><datafield ind1="0" ind2="0" tag="780"><subfield code="t">Lebanon express-advance</subfield><subfield code="w">(DLC)sn 97071027</subfield></datafield><datafield ind1="0" ind2="5" tag="780"><subfield code="t">Lebanon criterion (Lebanon, Or. : 1913)</subfield><subfield code="w">(DLC)sn 97071023</subfield></datafield></record>